@book{bertot2013interactive,
  title={Interactive theorem proving and program development: Coq’Art: the calculus of inductive constructions},
  author={Bertot, Yves and Cast{\'{e}}ran, Pierre},
  year={2013},
  publisher={Springer Science \& Business Media}
} 

@software{the_coq_development_team_2019_3476303,
  author       = {The Coq Development Team},
  title        = {The {C}oq {P}roof {A}ssistant},
  month        = oct,
  year         = 2019,
  publisher    = {Zenodo},
  version      = {8.10},
  doi          = {10.5281/zenodo.3476303},
  url          = {https://doi.org/10.5281/zenodo.3476303}
}


@article{thery-buchberger,
    author  = "Th{\'{e}}ery, Laurent",
    title   = "A Machine-Checked Implementation of Buchberger’s Algorithm",
    journal = "Journal of Automated Reasoning",
    year    = "2001",
    volume  = "20",
    pages   = "107-137"
}

@article {nakayama-1951,
    AUTHOR = {Nakayama, Tadasi},
     TITLE = {A remark on finitely generated modules},
   JOURNAL = {Nagoya Math. J.},
  FJOURNAL = {Nagoya Mathematical Journal},
    VOLUME = {3},
      YEAR = {1951},
     PAGES = {139--140},
      ISSN = {0027-7630},
   MRCLASS = {09.1X},
  MRNUMBER = {43770},
MRREVIEWER = {I. Kaplansky},
       URL = {http://projecteuclid.org.www2.lib.ku.edu/euclid.nmj/1118799226},
}
	
		
@book {matsumura-1980,
    AUTHOR = {Matsumura, Hideyuki},
     TITLE = {Commutative algebra},
    SERIES = {Mathematics Lecture Note Series},
    VOLUME = {56},
   EDITION = {Second},
 PUBLISHER = {Benjamin/Cummings Publishing Co., Inc., Reading, Mass.},
      YEAR = {1980},
     PAGES = {xv+313},
      ISBN = {0-8053-7026-9},
   MRCLASS = {13-02},
  MRNUMBER = {575344},
MRREVIEWER = {R. M. Fossum},
}
		
@incollection {algebra-proof-certificates,
    AUTHOR = {Gr{\'{e}}goire, Benjamin and Pottier, Lo{"{\i}}c and Th{\'{e}}ry, Laurent},
     TITLE = {Proof certificates for algebra and their application to
              automatic geometry theorem proving},
 BOOKTITLE = {Automated deduction in geometry},
    SERIES = {Lecture Notes in Comput. Sci.},
    VOLUME = {6301},
     PAGES = {42--59},
 PUBLISHER = {Springer, Heidelberg},
      YEAR = {2011},
   MRCLASS = {68T15 (13P10)},
  MRNUMBER = {2805053},
MRREVIEWER = {David Stanovsk\'{y}},
       DOI = {10.1007/978-3-642-21046-4\_3},
       URL = {https://doi-org.www2.lib.ku.edu/10.1007/978-3-642-21046-4_3},
}

@incollection {grassmann-cayley-algebra,
    AUTHOR = {Fuchs, Laurent and Th{\'{e}}ry, Laurent},
     TITLE = {A formalization of {G}rassmann-{C}ayley algebra in {C}oq and
              its application to theorem proving in projective geometry},
 BOOKTITLE = {Automated deduction in geometry},
    SERIES = {Lecture Notes in Comput. Sci.},
    VOLUME = {6877},
     PAGES = {51--67},
 PUBLISHER = {Springer, Heidelberg},
      YEAR = {2011},
   MRCLASS = {68T15 (51A30)},
  MRNUMBER = {2874683},
       DOI = {10.1007/978-3-642-25070-5\_3},
       URL = {https://doi-org.www2.lib.ku.edu/10.1007/978-3-642-25070-5_3},
}
